# https://www.bibme.org/apa

@book{Rice_2020,
  place     = {Sebastopol, CA},
  title     = {Container security: Fundamental technology concepts that protect containerized applications},
  publisher = {O'Reilly Media},
  author    = {Rice, Liz},
  year      = {2020}
}

 @misc{agreement,
  howpublished = {\url{https://learn.microsoft.com/en-us/cpp/build/x64-calling-convention?view=msvc-170}},
  url          = {https://learn.microsoft.com/en-us/cpp/build/x64-calling-convention?view=msvc-170},
  title        = {x64 calling convention},
  publisher    = {Microsoft},
  author       = {Microsoft}
} 

 @misc{cli,
  howpublished = {\url{https://learn.microsoft.com/en-us/cpp/build/walkthrough-compile-a-c-program-on-the-command-line?view=msvc-170}},
  url          = {https://learn.microsoft.com/en-us/cpp/build/walkthrough-compile-a-c-program-on-the-command-line?view=msvc-170},
  title        = {Walkthrough: Compile a C program on the command line},
  publisher    = {Microsoft},
  author       = {Microsoft}
} 

 @misc{atnt,
  howpublished = {\url{https://csiflabs.cs.ucdavis.edu/~ssdavis/50/att-syntax.htm}},
  url          = {https://csiflabs.cs.ucdavis.edu/~ssdavis/50/att-syntax.htm},
  title        = {AT\&T Assembly Syntax},
  publisher    = {vivek},
  author       = {vivek}
} 

 @misc{atnt2,
  howpublished = {\url{https://flint.cs.yale.edu/cs421/papers/x86-asm/asm.html}},
  url          = {https://flint.cs.yale.edu/cs421/papers/x86-asm/asm.html},
  title        = {x86 Assembly Guide},
  publisher    = {Yale University},
  author       = {Yale University}
} 
